<record><leader>00000cas a22000007a 4500</leader><controlfield tag="001">10953706</controlfield><controlfield tag="008">840716d18741884aluwr ne      0    0eng d</controlfield><datafield ind1=" " ind2=" " tag="010"><subfield code="a">sn 84023451 </subfield></datafield><datafield ind1=" " ind2=" " tag="040"><subfield code="a">AQM</subfield><subfield code="b">eng</subfield><subfield code="c">AQM</subfield><subfield code="d">NPX</subfield><subfield code="d">PPM</subfield><subfield code="d">CPN</subfield><subfield code="d">YOX</subfield><subfield code="d">OCLCQ</subfield><subfield code="d">OCLCG</subfield><subfield code="d">KRTAS</subfield><subfield code="d">OCLCF</subfield><subfield code="d">OCLCO</subfield></datafield><datafield ind1=" " ind2=" " tag="042"><subfield code="a">msc</subfield></datafield><datafield ind1="0" ind2="0" tag="245"><subfield code="a">Birmingham iron age.</subfield></datafield><datafield ind1=" " ind2=" " tag="260"><subfield code="a">Birmingham, Ala. :</subfield><subfield code="b">Duval, Roberts &amp; Persinger Pub. Co.,</subfield><subfield code="c">1874-1884.</subfield></datafield><datafield ind1=" " ind2=" " tag="300"><subfield code="a">v.</subfield></datafield><datafield ind1=" " ind2=" " tag="310"><subfield code="a">Weekly</subfield></datafield><datafield ind1="0" ind2=" " tag="362"><subfield code="a">Vol. 1, no. 1 (Feb. 12, 1874)-v. 11, no. 6 (Apr. 24, 1884).</subfield></datafield><datafield ind1=" " ind2=" " tag="500"><subfield code="a">Editor: F.M. Grace, &lt;1875&gt;.</subfield></datafield><datafield ind1=" " ind2="0" tag="651"><subfield code="a">Birmingham (Ala.)</subfield><subfield code="v">Newspapers.</subfield></datafield><datafield ind1=" " ind2="7" tag="655"><subfield code="a">Newspapers.</subfield><subfield code="2">fast</subfield><subfield code="0">(OCoLC)fst01423814</subfield></datafield><datafield ind1=" " ind2="7" tag="651"><subfield code="a">Alabama</subfield><subfield code="z">Birmingham.</subfield><subfield code="2">fast</subfield><subfield code="0">(OCoLC)fst01204958</subfield></datafield><datafield ind1="1" ind2=" " tag="700"><subfield code="a">Grace, Francis Mitchell,</subfield><subfield code="d">1832-1904.</subfield></datafield><datafield ind1=" " ind2=" " tag="752"><subfield code="a">United States</subfield><subfield code="b">Alabama</subfield><subfield code="c">Jefferson</subfield><subfield code="d">Birmingham.</subfield></datafield><datafield ind1="0" ind2="5" tag="780"><subfield code="t">Birmingham observer</subfield><subfield code="w">(DLC)sn 85044746</subfield></datafield><datafield ind1="0" ind2="0" tag="785"><subfield code="t">Weekly iron age</subfield><subfield code="w">(DLC)sn 85044942</subfield></datafield><datafield ind1=" " ind2=" " tag="938"><subfield code="a">Kirtas Technologies, Inc.</subfield><subfield code="b">KRTS</subfield><subfield code="n">738619</subfield></datafield></record>